<record><leader>00000cas a2200000 a 4500</leader><controlfield tag="001">26884283</controlfield><controlfield tag="008">921029c19649999miudn ne      0   a0eng c</controlfield><datafield ind1=" " ind2=" " tag="010"><subfield code="a">sn 93007665 </subfield></datafield><datafield ind1=" " ind2=" " tag="040"><subfield code="a">EYB</subfield><subfield code="b">eng</subfield><subfield code="c">EYB</subfield><subfield code="d">NSD</subfield><subfield code="d">MHN</subfield><subfield code="d">OCL</subfield><subfield code="d">OCLCQ</subfield><subfield code="d">OCLCF</subfield><subfield code="d">OCLCO</subfield></datafield><datafield ind1=" " ind2=" " tag="012"><subfield code="l">1</subfield><subfield code="m">1</subfield></datafield><datafield ind1="1" ind2=" " tag="022"><subfield code="a">1071-1406</subfield><subfield code="l">1071-1406</subfield><subfield code="2">1</subfield></datafield><datafield ind1="1" ind2=" " tag="029"><subfield code="a">AU@</subfield><subfield code="b">000045484786</subfield></datafield><datafield ind1=" " ind2=" " tag="032"><subfield code="a">324160</subfield><subfield code="b">USPS</subfield></datafield><datafield ind1=" " ind2=" " tag="037"><subfield code="b">The Macomb Daily, 67 Cass Ave., Mt. Clemens, MI 48043</subfield></datafield><datafield ind1=" " ind2=" " tag="042"><subfield code="a">nsdp</subfield><subfield code="a">pcc</subfield></datafield><datafield ind1=" " ind2="4" tag="222"><subfield code="a">The Macomb daily</subfield></datafield><datafield ind1="0" ind2="4" tag="245"><subfield code="a">The Macomb daily.</subfield></datafield><datafield ind1=" " ind2=" " tag="260"><subfield code="a">Mt. Clemens, Mich. :</subfield><subfield code="b">Macomb Pub. Co.</subfield></datafield><datafield ind1=" " ind2=" " tag="300"><subfield code="a">v. :</subfield><subfield code="b">ill. ;</subfield><subfield code="c">60 cm.</subfield></datafield><datafield ind1=" " ind2=" " tag="310"><subfield code="a">Daily (except Sat., holidays)</subfield><subfield code="b">Mar. 1, 1992-</subfield></datafield><datafield ind1=" " ind2=" " tag="321"><subfield code="a">Daily (except weekends)</subfield><subfield code="b">Oct. 15, 1964-Jan. 15, 1965</subfield></datafield><datafield ind1=" " ind2=" " tag="321"><subfield code="a">Daily (except Sun.)</subfield><subfield code="b">Jan. 16, 1965-May 4, 1991</subfield></datafield><datafield ind1=" " ind2=" " tag="321"><subfield code="a">Daily (except weekends)</subfield><subfield code="b">May 6, 1991-Feb. 29, 1992</subfield></datafield><datafield ind1="0" ind2=" " tag="362"><subfield code="a">104th yr., no. 205 (Oct. 15, 1964)-113th yr., no. 163 (July 12, 1973) ; July 13, 1973-</subfield></datafield><datafield ind1=" " ind2=" " tag="500"><subfield code="a">Published Warren, North Macomb, and South Macomb, and County editions.</subfield></datafield><datafield ind1=" " ind2=" " tag="500"><subfield code="a">Issue called: Macomb County bicentennial ed., Apr. 2, 1976.</subfield></datafield><datafield ind1=" " ind2=" " tag="500"><subfield code="a">Issue calle: 150th Anniversary ed., Sept. 8, 1972.</subfield></datafield><datafield ind1=" " ind2=" " tag="580"><subfield code="a">Sunday ed.: Suburban Sunday, Feb. 4, 1990-Feb. 23, 1992.</subfield></datafield><datafield ind1=" " ind2=" " tag="580"><subfield code="a">Formed by the union of: Daily monitor-progress, and: South Macomb news.</subfield></datafield><datafield ind1=" " ind2="0" tag="651"><subfield code="a">Mount Clemens (Mich.)</subfield><subfield code="v">Newspapers.</subfield></datafield><datafield ind1=" " ind2="0" tag="651"><subfield code="a">Macomb County (Mich.)</subfield><subfield code="v">Newspapers.</subfield></datafield><datafield ind1=" " ind2="7" tag="655"><subfield code="a">Newspapers.</subfield><subfield code="2">fast</subfield><subfield code="0">(OCoLC)fst01423814</subfield></datafield><datafield ind1=" " ind2="7" tag="651"><subfield code="a">Michigan</subfield><subfield code="z">Macomb County.</subfield><subfield code="2">fast</subfield><subfield code="0">(OCoLC)fst01214769</subfield></datafield><datafield ind1=" " ind2="7" tag="651"><subfield code="a">Michigan</subfield><subfield code="z">Mount Clemens.</subfield><subfield code="2">fast</subfield><subfield code="0">(OCoLC)fst01208678</subfield></datafield><datafield ind1=" " ind2=" " tag="752"><subfield code="a">United States</subfield><subfield code="b">Michigan</subfield><subfield code="c">Macomb</subfield><subfield code="d">Mount Clemens.</subfield></datafield><datafield ind1="1" ind2=" " tag="775"><subfield code="t">Suburban Sunday</subfield><subfield code="w">(DLC)sn 96077296</subfield><subfield code="w">(OCoLC)35998455</subfield></datafield><datafield ind1="1" ind2="4" tag="780"><subfield code="t">Daily monitor-progress</subfield></datafield><datafield ind1="1" ind2="4" tag="780"><subfield code="t">South Macomb news</subfield><subfield code="w">(DLC)sn 96076837</subfield><subfield code="w">(OCoLC)35073478</subfield></datafield><datafield ind1="0" ind2="5" tag="780"><subfield code="t">Community news (Mount Clemens, Mich.)</subfield><subfield code="w">(DLC)sn 96077290</subfield><subfield code="w">(OCoLC)35986396</subfield></datafield></record>